<record xmlns="http://www.loc.gov/MARC21/slim" xmlns:xsi="http://www.w3.org/2001/XMLSchema-instance" xsi:schemaLocation="http://www.loc.gov/MARC21/slim http://www.loc.gov/standards/marcxml/schema/MARC21slim.xsd"><leader>01654nam a2200361   4500</leader><controlfield tag="001">3080597</controlfield><controlfield tag="003">NNC</controlfield><controlfield tag="006">m        d        </controlfield><controlfield tag="007">cr cn |||m|||a</controlfield><controlfield tag="008">150110q19001960ua      o     000 0 ara d</controlfield><datafield ind1=" " ind2=" " tag="040"><subfield code="a">NNU</subfield><subfield code="b">eng</subfield><subfield code="e">rda</subfield><subfield code="c">NNU</subfield></datafield><datafield ind1=" " ind2="4" tag="050"><subfield code="a">PJ7805.M7</subfield><subfield code="b">A65 1900</subfield></datafield><datafield ind1="1" ind2=" " tag="100"><subfield code="6">880-01</subfield><subfield code="a">&#699;Aqqa&#772;d, &#699;Abba&#772;s Mah&#803;mu&#772;d,</subfield><subfield code="d">1889-1964.</subfield></datafield><datafield ind1="1" ind2="0" tag="245"><subfield code="6">880-02</subfield><subfield code="a">&#699;Abqari&#772;yat Muh&#803;ammad /</subfield><subfield code="c">&#699;Abba&#772;s Mah&#803;mu&#772;d al-&#699;Aqqa&#772;d.</subfield></datafield><datafield ind1=" " ind2=" " tag="260"><subfield code="6">880-03</subfield><subfield code="a">al-Qa&#772;hirah :</subfield><subfield code="b">Mat&#803;ba&#699;at Da&#772;r al-Ta&#700;li&#772;f,</subfield><subfield code="c">[19--]</subfield></datafield><datafield ind1=" " ind2=" " tag="300"><subfield code="a">online resource (182 pages)</subfield></datafield><datafield ind1=" " ind2=" " tag="336"><subfield code="a">text</subfield><subfield code="2">rdacontent</subfield></datafield><datafield ind1=" " ind2=" " tag="337"><subfield code="a">computer</subfield><subfield code="2">rdamedia</subfield></datafield><datafield ind1=" " ind2=" " tag="338"><subfield code="a">online resource</subfield><subfield code="2">rdacarrier</subfield></datafield><datafield ind1=" " ind2=" " tag="500"><subfield code="a">Part of the Arabic Collections Online (ACO) project, contributed by Columbia University Libraries.</subfield></datafield><datafield ind1=" " ind2=" " tag="533"><subfield code="a">Electronic reproduction.</subfield><subfield code="b">New York, N.Y. :</subfield><subfield code="c">New York University,</subfield><subfield code="d">2015.</subfield><subfield code="5">NNU</subfield></datafield><datafield ind1="0" ind2="0" tag="600"><subfield code="6">880-04</subfield><subfield code="a">Muh&#803;ammad,</subfield><subfield code="c">Prophet,</subfield><subfield code="d">-632.</subfield></datafield><datafield ind1="0" ind2="7" tag="600"><subfield code="a">Muh&#803;ammad,</subfield><subfield code="c">Prophet,</subfield><subfield code="d">-632</subfield><subfield code="2">fast</subfield><subfield code="0">(OCoLC)fst01836298</subfield></datafield><datafield ind1="2" ind2=" " tag="710"><subfield code="a">Columbia University.</subfield><subfield code="b">Libraries.</subfield></datafield><datafield ind1="0" ind2=" " tag="730"><subfield code="a">Arabic Collections Online.</subfield></datafield><datafield ind1="0" ind2="8" tag="776"><subfield code="i">Print version:</subfield><subfield code="a">&#699;Aqqa&#772;d, &#699;Abba&#772;s Mah&#803;mu&#772;d, 1889-1964.</subfield><subfield code="t">&#699;Abqari&#772;yat Muh&#803;ammad</subfield><subfield code="w">(NNC)3080597</subfield><subfield code="w">(OCoLC)37336252</subfield></datafield><datafield ind1="4" ind2="0" tag="856"><subfield code="u">http://hdl.handle.net/2333.1/vx0k6ggc</subfield></datafield><datafield ind1="1" ind2=" " tag="880"><subfield code="6">100-01/r</subfield><subfield code="a">&#1593;&#1602;&#1575;&#1583;&#1548; &#1593;&#1576;&#1575;&#1587; &#1605;&#1581;&#1605;&#1608;&#1583;&#1548;</subfield><subfield code="d">1889-1964.</subfield></datafield><datafield ind1="1" ind2="0" tag="880"><subfield code="6">245-02/r</subfield><subfield code="a">&#1593;&#1576;&#1602;&#1585;&#1610;&#1577; &#1605;&#1581;&#1605;&#1583; /</subfield><subfield code="c">&#1578;&#1571;&#1604;&#1610;&#1601; &#1593;&#1576;&#1575;&#1587; &#1605;&#1581;&#1605;&#1608;&#1583; &#1575;&#1604;&#1593;&#1602;&#1575;&#1583;.</subfield></datafield><datafield ind1=" " ind2=" " tag="880"><subfield code="6">260-03/r</subfield><subfield code="a">&#1575;&#1604;&#1602;&#1575;&#1607;&#1585;&#1577; :</subfield><subfield code="b">&#1605;&#1591;&#1576;&#1593;&#1577; &#1583;&#1575;&#1585; &#1575;&#1604;&#1578;&#1571;&#1604;&#1610;&#1601;&#1548; </subfield><subfield code="c">[19--]</subfield></datafield><datafield ind1="0" ind2="4" tag="880"><subfield code="6">600-04/r</subfield><subfield code="a">&#1605;&#1581;&#1605;&#1583;&#1548;</subfield><subfield code="c">&#1575;&#1604;&#1606;&#1576;&#1610;.</subfield></datafield><datafield ind1=" " ind2=" " tag="959"><subfield code="a">NNU</subfield><subfield code="b">WEB</subfield><subfield code="c">GENI</subfield><subfield code="t">0</subfield><subfield code="m">Electronic access</subfield><subfield code="s">01</subfield></datafield><datafield ind1=" " ind2=" " tag="999"><subfield code="i">NNC_3080597</subfield><subfield code="o">(OCoLC)37336252</subfield></datafield></record>